@unpublished{feigenbaum2023,
  author = {James Feigenbaum and Sepideh Raei},
  title = {Lifecycle Consumption and Welfare with Nonexponential Discounting in Continuous Time},
  note = {Forthcoming in Journal of Mathematical Economics},
  year = {2023},
  url = {http://www.platonicadventures.com/uploads/3/8/7/0/38707599/lifecyclenonexpdiscountingcont22may3.pdf}
}

@article{loewenstein1992anomalies,
  author    = "Loewenstein, G. F. and Prelec, D.",
  title     = "Anomalies in Intertemporal Choice: Evidence and an Interpretation",
  journal   = "Quarterly Journal of Economics",
  volume    = "107",
  pages     = "573-597",
  year      = "1992",
  doi       = "10.2307/2118482",
  keywords={prin},
}

@article{green1994discounting,
  author    = "Green, L. and Fry, A. F. and Myerson, J.",
  title     = "Discounting of Delayed Rewards: A Life-Span Comparison",
  journal   = "Psychological Science",
  volume    = "5",
  number    = "1",
  pages     = "33–36",
  year      = "1994",
  doi       = "10.1111/j.1467-9280.1994.tb00610.x",
  keywords={prin},
}

@article{sidman1952note,
  author    = "Sidman, M.",
  title     = "A Note on Functional Relations Obtained from Group Data",
  journal   = "Psychological Bulletin",
  volume    = "49",
  number    = "3",
  pages     = "263–269",
  year      = "1952",
  doi       = "10.1037/h0063643",
  keywords={prin},
}


@article{estes1956problem,
  author    = "Estes, W. K.",
  title     = "The Problem of Inference from Curves Based on Group Data",
  journal   = "Psychological Bulletin",
  volume    = "53",
  number    = "2",
  pages     = "134–140",
  year      = "1956",
  doi       = "10.1037/h0045156",
  keywords={prin},
}


@article{rachlin1991subjective,
  author    = "Rachlin, H. and Raineri, A. and Cross, D.",
  title     = "Subjective Probability and Delay",
  journal   = "Journal of the Experimental Analysis of Behavior",
  volume    = "55",
  number    = "2",
  pages     = "233–244",
  year      = "1991",
  doi       = "10.1901/jeab.1991.55-233",
  keywords={prin},
}


@article{ainslie1975specious,
  author    = "Ainslie, G.",
  title     = "Specious Reward: A Behavioral Theory of Impulsiveness and Impulse Control",
  journal   = "Psychological Bulletin",
  volume    = "82",
  number    = "4",
  pages     = "463–496",
  year      = "1975",
  doi       = "10.1037/h0076860",
  keywords={prin},
}

@incollection{mazur1987adjusting,
  author    = "Mazur, J. E.",
  title     = "An Adjusting Procedure for Studying Delayed Reinforcement",
  booktitle = "The Effect of Delay and of Intervening Events on Reinforcement Value",
  editor    = "Commons, M. L. and Mazur, J. E. and Nevin, J. A. and Rachlin, H.",
  pages     = "55–73",
  publisher = "Lawrence Erlbaum Associates, Inc.",
  year      = "1987",
  keywords={prin},
}

@article{mazur1997choice,
  author    = "Mazur, J. E.",
  title     = "Choice, Delay, Probability, and Conditioned Reinforcement",
  journal   = "Animal Learning \& Behavior",
  volume    = "25",
  number    = "2",
  pages     = "131–147",
  year      = "1997",
  doi       = "10.3758/BF03199051",
  keywords={prin},
}

@article{kirby1997bidding,
  author    = "Kirby, K. N.",
  title     = "Bidding on the Future: Evidence Against Normative Discounting of Delayed Rewards",
  journal   = "Journal of Experimental Psychology: General",
  volume    = "126",
  number    = "1",
  pages     = "54–70",
  year      = "1997",
  doi       = "10.1037/0096-3445.126.1.54",
  keywords={prin},
}

@incollection{madden2010delaydiscounting,
  author    = "Madden, G. J. and Johnson, P. S.",
  title     = "A Delay-Discounting Primer",
  booktitle = "Impulsivity: The Behavioral and Neurological Science of Discounting",
  editor    = "Madden, G. J. and Bickel, W. K.",
  pages     = "11–37",
  publisher = "American Psychological Association",
  year      = "2010",
  doi       = "10.1037/12069-001",
  keywords={prin},
}

@article{chib2009evidence,
  author    = "Chib, V. S. and Rangel, A. and Shimojo, S. and O'Doherty, J. P.",
  title     = "Evidence for a Common Representation of Decision Values for Dissimilar Goods in Human Ventromedial Prefrontal Cortex",
  journal   = "The Journal of Neuroscience",
  volume    = "29",
  number    = "39",
  pages     = "12315-12320",
  year      = "2009",
  doi       = "10.1523/jneurosci.2575-09.2009",
  keywords={prin},
}


@article{hodos1961progressive,
  author    = "Hodos, W.",
  title     = "Progressive Ratio as a Measure of Reward Strength",
  journal   = "Science",
  volume    = "134",
  number    = "3483",
  pages     = "943-944",
  year      = "1961",
  doi       = "10.2307/1708217",
  keywords={prin},
}

@article{verhave1963toward,
  author    = "Verhave, T.",
  title     = "Toward an Empirical Calculus of Reinforcement Value",
  journal   = "Journal of the Experimental Analysis of Behavior",
  volume    = "6",
  pages     = "525-536",
  year      = "1963",
  doi       = "10.1901/jeab.1963.6-525",
  keywords={prin},
}

@article{hursh2008economic,
  author    = "Hursh, S. R. and Silberberg, A.",
  title     = "Economic Demand and Essential Value",
  journal   = "Psychological Review",
  volume    = "115",
  pages     = "186-198",
  year      = "2008",
  doi       = "10.1037/0033-295x.115.1.186",
  keywords={prin},
}

@book{miltenberger2012behavior,
  author    = "Miltenberger, Raymond G.",
  title     = "Behavior Modification. Principles \& Procedures",
  edition   = "5th",
  year      = "2012",
  isbn      = "978111106113",
  keywords={prin},
}

@article{mazur2001hyperbolic,
  author  = "Mazur, J. E.",
  title   = "Hyperbolic value addition and general models of animal choice",
  journal = "Psychological Review",
  volume  = "108",
  number  = "1",
  pages   = "96–112",
  year    = "2001",
  doi     = "10.1037/0033-295x.108.1.96",
  url     = "https://doi.org/10.1037/0033-295x.108.1.96",
  keywords={prin},
}

@article{buritica2016valor,
  author    = "Buriticá, Jonathan and Dos Santos, Cristiano",
  title     = "Valor del Reforzador: ¿Cómo se Usa y Para qué se Usa el Concepto?",
  journal   = "Revista Colombiana de Psicología",
  year      = "2016",
  month     = {7},
  day       = "14",
  doi       = "10.15446/rcp.v25n2.50405",
  url       = "https://doi.org/10.15446/rcp.v25n2.50405",
  keywords={prin},
}

@book{mankiw2012,
  author      = "Mankiw, N. Gregory",
  title       = "Principios de Economía",
  year        = "2012",
  edition     = "Sexta",
  publisher   = "Cengage Learning",
  address     = "Distrito Federal, México",
  isbn        = "978-607-481-829-1",
  url         = "https://clea.edu.mx/biblioteca/files/original/bd2711c3969d92b67fcf71d844bcbaed.pdf",
 keywords={prin},
}

@article{myerson1995discounting,
  title={Discounting of delayed rewards: Models of individual choice},
  author={Myerson, Joel and Green, Leonard},
  journal={Journal of the experimental analysis of behavior},
  volume={64},
  number={3},
  pages={263--276},
  year={1995},
  publisher={Wiley Online Library},
  keywords={prin},
  doi={10.1901/jeab.1995.64-263}

}

@book{larrain2002macroeconomia,
  title={Macroeconomía en la economía global},
  author={Larraín, Felipe and Sachs, Jeffrey D},
  year={2002},
  publisher={Pearson Educación},
  keywords={prin}

}

@book{keynes1936general,
  author = {Keynes, John Maynard},
  title = {The General Theory of Employment, Interest, and Money},
  year = {1936},
  publisher = {Macmillan},
  address = {London},
  url={https://link.springer.com/book/10.1007/978-3-319-70344-2}  ,
  keywords={prin}
}

@article{fisher1930theory,
  title={The theory of interest},
  author={Fisher, Irving},
  journal={New York},
  volume={43},
  pages={1--19},
  year={1930},
  url={http://files.libertyfund.org/files/1416/0219_Bk.pdf},
  keywords={prin}
}

@article{
modigliani86,
author = {Franco Modigliani },
title = {Life Cycle, Individual Thrift, and the Wealth of Nations},
journal = {Science},
volume = {234},
number = {4777},
pages = {704-712},
year = {1986},
doi = {10.1126/science.234.4777.704},
URL = {https://www.science.org/doi/abs/10.1126/science.234.4777.704},
eprint = {https://www.science.org/doi/pdf/10.1126/science.234.4777.704},
abstract = {One theory of the determinants of individual and national thrift has come to be known as the life cycle hypothesis of saving. The state of the art on the eve of the formulation of the hypothesis some 30 years ago is reviewed. Then the theoretical foundations of the model in its original formulation and later amendment are set forth, calling attention to various implications, some distinctive to it and some counterintuitive. A number of crucial empirical tests, both at the individual and the aggregate level, are presented as well as some applications of the life cycle hypothesis of saving to current policy issues.},
  keywords={prin}}


@book{friedman1957theory,
  doi = {10.1515/9780691188485},
	url = {https://doi.org/10.1515%2F9780691188485},
	year = 1957,
	month = {12},
	publisher = {Princeton University Press},
	author = {Milton Friedman},
	title = {Theory of the Consumption Function},
  keywords={prin}
}

@article{ando1963life,
  title={The" life cycle" hypothesis of saving: Aggregate implications and tests},
  author={Ando, Albert and Modigliani, Franco},
  journal={The American economic review},
  volume={53},
  number={1},
  pages={55--84},
  year={1963},
  publisher={JSTOR},
  keywords={prin},
  url={https://www.jstor.org/stable/1817129}
}

@techreport{feigenbaum2021deviation,
  title={Deviation from exponential discounting and present bias in continuous time},
  author={Feigenbaum, James and Raei, Sepideh},
  year={2021},
  institution={working paper},
  url={http://www.platonicadventures.com/uploads/3/8/7/0/38707599/expdeviationcont21sep20.pdf},
  keywords={prin},
}

@book{harrod1948towards,
  author = {Harrod, R.F.},
  title = {Towards a dynamic economics: Some Recent Developments of Economic Theory and their Application to Policy},
  year = {1948},
  publisher = {Macmillan \& Co.},
  address = {London},
  keywords={prin},
  url = {https://doi.org/10.2307%2F2984185}
}

@article{modigliani1947fluctuations,
  title={Fluctuations in the saving-income ratio: A problem in economic forecasting},
  author={Modigliani, Franco},
  journal = {Social Research},
 number = {4},
 pages = {413--420},
 publisher = {The New School},
 volume = {14},
 year = {1947},URL = {http://www.jstor.org/stable/40982182},
 keywords={sec}
}

@article{modigliani1954utility,
  title={Utility analysis and the consumption function: An interpretation of cross-section data},
  author={Modigliani, Franco and Brumberg, Richard},
  journal={Franco Modigliani},
  volume={1},
  number={1},
  pages={388--436},
  year={1954},
  keywords={prin},
  url={https://www.arabictrader.com/cdn/application/2009/08/15/pdf/v202/B4E8E626-EFEE-42B4-FE04-862C02B7AC83.pdf#page=18}
}

@Article{At95,
  author = {Attanasio, Orazio and Weber, Guglielmo},
  title = 	 { Is consumption growth consistent
with intertemporal optimization? evidence from the consumer expenditure survey.},
  journal = 	 {Journal of Political Economy.},
  volume = {103},  
  pages =	 {1121--1157},
  year = 	 {1995},
  number = {6},
  doi = {10.1086/601443},
  keywords={sec}
}	

@article{Attanasio99,
  author = {Attanasio, Orazio and Banks, James and Meghir, Costas and Weber, Guglielmo},
  title = {Humps and bumps in lifetime consumption},
  year = {1999},
  journal = {Journal of Business \& Economic Statistics},
  volume = {17},
  number = {1},
  pages = {22--35},
  issn = {0735-0015},
  doi = {10.2307/1392236},
  keywords={sec}
}

@article{Bernheim09,
  author = {Bernheim, B. Douglas and Rangel, Antonio},
  title = {Beyond Revealed Preference: Choice-Theoretic Foundations for Behavioral Welfare Economics},
  journal = {The Quarterly Journal of Economics},
  year = {2009},
  volume = {124},
  number = {1},
  pages = {51--104},
  doi={10.1162/qjec.2009.124.1.51},
  keywords={sec}
}

@article{Caliendo19,
  author = {Caliendo, Frank and Findley, T. Scott},
  title = {Commitment and Welfare},
  journal = {Journal of Economic Behavior and Organization},
  year = {2019},
  volume = {159},
  number = {1},
  pages= {210--234},
  doi= {10.2139/ssrn.2432557},
  keywords={sec}
}

@incollection{Carroll91,
  title = {Consumption Growth Parallels Income Growth: Some New Evidence},
  author = {Carroll, Christopher and Summers, Lawrence},
  year = {1991},
  pages = {305-348},
  booktitle = {National Saving and Economic Performance},
  publisher = {National Bureau of Economic Research, Inc},
  url = {https://EconPapers.repec.org/RePEc:nbr:nberch:5995},
  keywords={sec}
}


@article{Cohen20,
  Author = {Cohen, Jonathan and Ericson, Keith Marzilli and Laibson, David and White, John Myles},
  Title = {Measuring Time Preferences},
  Journal = {Journal of Economic Literature},
  Volume = {58},
  Number = {2},
  Year = {2020},
  Month = {6},
  Pages = {299-347},
  DOI = {10.1257/jel.20191074},
  URL = {https://www.aeaweb.org/articles?id=10.1257/jel.20191074},
  keywords={sec}}

@techreport{Dewatripont04,
  author = {Dewatripont, Mathias and Brocas, Isabelle and Carrillo, Juan},
  title = {Commitment devices under self-control problems: An overview},
  institution = {Ulb institutional repository, ULB -- Universite Libre de Bruxelles},
  year = {2004},
  keywords={sec},
  url={http://jdcarrillo.org/PDFpapers/book2-ch04.pdf}
}

@incollection{Ericson19,
  author = {Ericson, Keith Marzilli and Laibson, David},
  title = {Chapter 1 - Intertemporal choice},
  booktitle = {Handbook of Behavioral Economics - Foundations and Applications 2},
  editor = {Bernheim, B. Douglas and DellaVigna, Stefano and Laibson, David},
  volume = {2},
  series = {Handbook of Behavioral Economics: Applications and Foundations 1},
  pages = {1--67},
  publisher = {North-Holland},
  year = {2019},
  doi = {https://doi.org/10.1016/bs.hesbe.2018.12.001},
  url = {https://www.sciencedirect.com/science/article/pii/S2352239918300253},
  keywords={sec}
}

@article{Feigenbaum16,
  doi = {10.1016/j.jmateco.2016.08.001},
	url = {https://doi.org/10.1016%2Fj.jmateco.2016.08.001},
	year = 2016,
	month = {10},
	publisher = {Elsevier {BV}},
	volume = {66},
	pages = {58--71},
	author = {James Feigenbaum},
	title = {Equivalent representations of non-exponential discounting models},
	journal = {Journal of Mathematical Economics},
  keywords={sec}
}

@unpublished{Feigenbaum21,
  author = {Feigenbaum, James and Raei, Sepideh},
  title = {Explaining the consumption hump in terms of deviations from exponential discounting},
  note = {Working Paper},
  year = {2021},
  url = {http://www.platonicadventures.com/uploads/3/8/7/0/38707599/humpexpdeviation21aug17.pdf},
  keywords={sec}
}

@article{Frederick02,
  doi = {10.1257/jel.40.2.351},
	url = {https://doi.org/10.1257%2Fjel.40.2.351},
	year = 2002,
	month = {6},
	publisher = {American Economic Association},
	volume = {40},
	number = {2},
	pages = {351--401},
	author = {Shane Frederick and George Loewenstein and Ted O'donoghue},
	title = {Time Discounting and Time Preference: A Critical Review},
	journal = {Journal of Economic Literature},
  keywords={sec}
}

@article{Gul04,
  doi = {10.1016/j.red.2003.11.002},
	url = {https://doi.org/10.1016%2Fj.red.2003.11.002},
	year = 2004,
	month = {4},
	publisher = {Elsevier {BV}},
	volume = {7},
	number = {2},
	pages = {243--264},
	author = {Faruk Gul and Wolfgang Pesendorfer},
	title = {Self-control, revealed preference and consumption choice},
	journal = {Review of Economic Dynamics},
  keywords={sec}
}

@article{Laibson97,
  doi = {10.1162/003355397555253},
	url = {https://doi.org/10.1162%2F003355397555253},
	year = 1997,
	month = {5},
	publisher = {Oxford University Press ({OUP})},
	volume = {112},
	number = {2},
	pages = {443--478},
	author = {D. Laibson},
	title = {Golden Eggs and Hyperbolic Discounting},
	journal = {The Quarterly Journal of Economics},
  keywords={prin}
}

@article{Laibson98,
  doi = {10.1016/s0014-2921(97)00132-3},
	url = {https://doi.org/10.1016%2Fs0014-2921%2897%2900132-3},
	year = 1998,
	month = {5},
	publisher = {Elsevier {BV}},
	volume = {42},
	number = {3-5},
	pages = {861--871},
	author = {David Laibson},
	title = {Life-cycle consumption and hyperbolic discount functions},
	journal = {European Economic Review},
  keywords={prin}
}

@techreport{Laibson96,
  doi = {10.3386/w5635},
	url = {https://doi.org/10.3386%2Fw5635},
	year = 1996,
	month = {6},
	publisher = {National Bureau of Economic Research},
	author = {David Laibson},
	title = {Hyperbolic Discount Functions, Undersaving, and Savings Policy},
  keywords={prin}
}

@article{Laibson98b,
  doi = {10.2307/2534671},
	url = {https://doi.org/10.2307%2F2534671},
	year = 1998,
	publisher = {{JSTOR}},
	volume = {1998},
	number = {1},
	pages = {91},
	author = {David I. Laibson and Andrea Repetto and Jeremy Tobacman and Robert E. Hall and William G. Gale and George A. Akerlof},
	title = {Self-Control and Saving for Retirement},
	journal = {Brookings Papers on Economic Activity},
  keywords={prin}
}

@article{MarinSolano09,
  doi = {10.1016/j.jedc.2008.08.008},
	url = {https://doi.org/10.1016%2Fj.jedc.2008.08.008},
	year = 2009,
	month = {3},
	publisher = {Elsevier {BV}},
	volume = {33},
	number = {3},
	pages = {666--675},
	author = {Jes{\'{u}}s Mar{\'{\i}}n-Solano and Jorge Navas},
	title = {Non-constant discounting in finite horizon: The free terminal time case},
	journal = {Journal of Economic Dynamics and Control},
  keywords={sec}
}

@article{ODonoghue99,
  doi = {10.1257/aer.89.1.103},
	url = {https://doi.org/10.1257%2Faer.89.1.103},
	year = 1999,
	month = {3},
	publisher = {American Economic Association},
	volume = {89},
	number = {1},
	pages = {103--124},
	author = {Ted O{\textquotesingle}Donoghue and Matthew Rabin},
	title = {Doing It Now or Later},
	journal = {American Economic Review},
  keywords={prin}
}

@article{ODonoghue00,
  doi = {10.1002/(sici)1099-0771(200004/06)13:2<233::aid-bdm325>3.0.co;2-u},
	url = {https://doi.org/10.1002%2F%28sici%291099-0771%28200004%2F06%2913%3A2%3C233%3A%3Aaid-bdm325%3E3.0.co%3B2-u},
	year = 2000,
	month = {4},
	publisher = {Wiley},
	volume = {13},
	number = {2},
	pages = {233--250},
	author = {Ted O{\textquotesingle}Donoghue and Matthew Rabin},
	title = {The economics of immediate gratification},
	journal = {Journal of Behavioral Decision Making},
  keywords={prin}
}

@article{ODonoghue01,
  doi = {10.1162/003355301556365},
	url = {https://doi.org/10.1162%2F003355301556365},
	year = 2001,
	month = {2},
	publisher = {Oxford University Press ({OUP})},
	volume = {116},
	number = {1},
	pages = {121--160},
	author = {T. O{\textquotesingle}Donoghue and M. Rabin},
	title = {Choice and Procrastination},
	journal = {The Quarterly Journal of Economics},
  keywords={prin}
}

@article{Prelec04,
  author = {Prelec, Drazen},
  title = {Decreasing impatience: A criterion for non-stationary time preference and "hyperbolic" discounting},
  journal = {The Scandinavian Journal of Economics},
  year = {2004},
  volume = {106},
  number = {3},
  pages = {511--532},
  doi = {https://doi.org/10.1111/j.0347-0520.2004.00375.x},
  url = {https://onlinelibrary.wiley.com/doi/abs/10.1111/j.0347-0520.2004.00375.x},
  keywords={sec}
}

@article{Rabin02,
  doi = {10.1016/s0014-2921(01)00207-0},
	url = {https://doi.org/10.1016%2Fs0014-2921%2801%2900207-0},
	year = 2002,
	month = {5},
	publisher = {Elsevier {BV}},
	volume = {46},
	number = {4-5},
	pages = {657--685},
	author = {Matthew Rabin},
	title = {A perspective on psychology and economics},
	journal = {European Economic Review},
  keywords={sec}
}

@unpublished{Richter20,
  author = {Richter, Michael},
  title = {A time-inconsistent first welfare theorem: Efficiency and the convexity of patience},
  note = {Working Paper},
  year = {2020},
url={https://www.aeaweb.org/conference/2021/preliminary/paper/nZby2yf5},
  keywords={sec},
}

@article{Samuelson37,
  doi = {10.2307/2967612},
	url = {https://doi.org/10.2307%2F2967612},
	year = 1937,
	month = {2},
	publisher = {Oxford University Press ({OUP})},
	volume = {4},
	number = {2},
	pages = {155},
	author = {Paul A. Samuelson},
	title = {A Note on Measurement of Utility},
	journal = {The Review of Economic Studies},
  keywords={prin}
}

@article{Strotz55,
  doi = {10.2307/2295722},
	url = {https://doi.org/10.2307%2F2295722},
	year = 1955,
	publisher = {Oxford University Press ({OUP})},
	volume = {23},
	number = {3},
	pages = {165},
	author = {R. H. Strotz},
	title = {Myopia and Inconsistency in Dynamic Utility Maximization},
	journal = {The Review of Economic Studies},
  keywords={prin}
}

@book{snyman2005practical,
  author = {Snyman, J. A. and Wilke, D. N.},
  title = {Practical Mathematical Optimization},
  publisher = {Springer Science+Business Media, Incorporated},
  year = {2005},
  pages = {97-148},
  url={https://doi.org/10.1007/b105200},
  keywords={or}
}
@book{bellman1963mathematical,
  editor = {Bellman, Richard},
  title = {Mathematical Optimization Techniques},
  publisher = {Univ of California Press},
  year = {1963},
  url={https://doi.org/10.1525/9780520319875},
  keywords={or}
}
@book{ince1956ordinary,
  author = {Ince, E. L.},
  title = {Ordinary Differential Equations},
  publisher = {Courier Corporation},
  year = {1956},
  keywords={or}
}
@book{hartman2002ordinary,
  author = {Hartman, Philip},
  title = {Ordinary Differential Equations},
  publisher = {Society for Industrial and Applied Mathematics},
  year = {2002},
  url={https://doi.org/10.1137/1.9780898719222},
  keywords={or}
}
@book{miller2014ordinary,
  author = {Miller, Richard K. and Michel, Anthony N.},
  title = {Ordinary Differential Equations},
  publisher = {Academic Press},
  year = {2014},
  keywords={or}
}
@book{burden2015numerical,
  author = {Burden, Richard L. and Faires, J. Douglas and Burden, Annette M.},
  title = {Numerical Analysis},
  publisher = {Cengage Learning},
  year = {2015},
  url={https://faculty.ksu.edu.sa/sites/default/files/numerical_analysis_9th.pdf},
  keywords={or}
}
@book{gautschi2011numerical,
  author = {Gautschi, Walter},
  title = {Numerical Analysis},
  publisher = {Springer Science \& Business Media},
  year = {2011},
  url={https://doi.org/10.1007/978-0-8176-8259-0 },
  keywords={or}
}
@book{morton2005numerical,
  author = {Morton, K. W. and Mayers, D. F.},
  title = {Numerical Solution of Partial Differential Equations: An Introduction},
  publisher = {Cambridge University Press},
  year = {2005},
  url={https://doi.org/10.1017/cbo9780511812248.011},
  keywords={or}
}
@book{kopka2004guide,
  author = {Kopka, Helmut and Daly, Patrick W. and Rahtz, Sebastian P. Q.},
  title = {Guide to LaTeX},
  volume = {4},
  publisher = {Addison-Wesley},
  address = {Boston, MA},
  year = {2004},
  url={https://www.math.ucdavis.edu/~tracy/courses/math129/Guide_To_LaTeX.pdf},
  keywords={or}
}
@book{mittelbach2004latex,
  author = {Mittelbach, Frank and Goossens, Michel and Braams, Johannes and Carlisle, David and Rowley, Chris},
  title = {The LaTeX Companion},
  publisher = {Addison-Wesley Professional},
  year = {2004},
 url={https://www.latex-project.org/help/books/tlc3-digital-chapter-samples.pdf},
  keywords={or}
}
@book{arrocha2021normas,
  author = {Arrocha, Y. Y.},
  title = {Normas APA Séptima Edición, 2020},
  year = {2021},
  url={http://repositorio2.udelas.ac.pa/handle/123456789/333},
  keywords={or}
}
@book{beltran2018manual,
  author = {Beltrán, Humberto V. C. and Quecano, Lorena I. V.},
  title = {Manual de Normas APA},
  year = {2018},
  url={https://docplayer.es/87174238-Manual-de-normas-apa-hector-vicente-coy-beltran-docente-investigador-lira-isis-valencia-quecano-docente-investigador-manual-de-normas-apa-1.html},
  keywords={or}
}

@article{Lucas_1976,
	doi = {10.1016/s0167-2231(76)80003-6},
	url = {https://doi.org/10.1016%2Fs0167-2231%2876%2980003-6},
	year = 1976,
	month = {1},
	publisher = {Elsevier {BV}},
	volume = {1},
	pages = {19--46},
	author = {Robert E. Lucas},
	title = {Econometric policy evaluation: A critique},
	journal = {Carnegie-Rochester Conference Series on Public Policy},
  keywords={prin}
}